<?xml version="1.0" encoding="UTF-8"?><collection xmlns="http://www.loc.gov/MARC21/slim"><record><leader>00719nam--2200181-i-4500</leader><controlfield tag="001">000014137</controlfield><controlfield tag="002">20161230</controlfield><controlfield tag="005">20161230201030</controlfield><controlfield tag="008">060222s1000------------r-----000-0-eng-d</controlfield><datafield ind1=" " ind2=" " tag="040"><subfield code="a">IFIN-HH</subfield></datafield><datafield ind1=" " ind2=" " tag="080"><subfield code="a">538.9(082.2):539.L(O82.2)</subfield></datafield><datafield ind1="1" ind2=" " tag="110"><subfield code="a">Department Of Atomic Energy</subfield></datafield><datafield ind1="1" ind2="0" tag="245"><subfield code="a">Bhabha atomic research centre: 25th year of the nuclear physics and solid state physics symposium, organised by the department of atomic energy government of india, december 28, 1981 - january 1, 1982</subfield><subfield code="b">Volume 24 c solid state physics 1981</subfield></datafield><datafield ind1=" " ind2=" " tag="260"><subfield code="a">Bombay</subfield><subfield code="b">Bhabha Atomic Research Centre</subfield><subfield code="c">1982</subfield></datafield><datafield ind1=" " ind2=" " tag="300"><subfield code="a">XXXIII + 643 P</subfield></datafield><datafield ind1=" " ind2=" " tag="490"><subfield code="a">Silver Jubilee Physics Symposium</subfield></datafield><datafield ind1=" " ind2=" " tag="852"><subfield code="a">38355</subfield><subfield code="c">539</subfield></datafield><datafield ind1=" " ind2=" " tag="CAT"><subfield code="a">Sys</subfield><subfield code="c">20111010</subfield><subfield code="h">142508</subfield></datafield></record></collection>